<?xml version="1.0" encoding="UTF-8"?><collection xmlns="http://www.loc.gov/MARC21/slim"><record><leader>00474nam--2200121-i-4500</leader><controlfield tag="001">000031063</controlfield><controlfield tag="002">20161230</controlfield><controlfield tag="005">20161230201038</controlfield><controlfield tag="008">060222s1000------------r-----000-0-eng-d</controlfield><datafield ind1=" " ind2=" " tag="245"><subfield code="a">Magnetic circuits and transformers. a first course for power and communication engineers. by members of the staff of the department of electrical engineering</subfield></datafield><datafield ind1=" " ind2=" " tag="260"><subfield code="a">New York, John Wiley, 1949 (6-th Printing). Xxiv+718p</subfield></datafield><datafield ind1=" " ind2=" " tag="490"><subfield code="a">Principles Of Electrical Engineering Series</subfield></datafield><datafield ind1=" " ind2=" " tag="852"><subfield code="a">2387</subfield></datafield></record></collection>